@InProceedings{las15cluster,
  author = 	 {von Laszewski, Gregor and Fugang Wang and Geoffrey C. Fox and David L. Hart and Thomas R. Furlani and Robert L. DeLeon and Steven M. Gallo},
  title = 	 {{Peer comparison of XSEDE and NCAR publication data}},
  OPTcrossref =  {},
  OPTkey = 	 {},
  booktitle = {Proc. of IEEE Custer Computing},
  OPTyear = 	 2015,
  OPTeditor = 	 {},
  OPTvolume = 	 {},
  OPTnumber = 	 {},
  OPTseries = 	 {},
  OPTpages = 	 {},
  OPTmonth = 	 sep,
  OPTaddress = 	 {Chicago IL},
  organization = {Indiana University},
  OPTpublisher = {IEEE},
  note = 	 {Poster, Technical Report},
  OPTannote = 	 {},
  url ={https://github.com/cyberaide/paper-tas-2/blob/master/vonLaszewski-tas-cluster.pdf}  
}


@TechReport{las15cluster-long,
  author = 	 {von Laszewski, Gregor and Fugang Wang and Geoffrey C. Fox and David L. Hart and Thomas R. Furlani and Robert L. DeLeon and Steven M. Gallo},
  title = 	 {Peer comparison of XSEDE and NCAR publication data},
  institution =  {Indiana University},
  year = 	 {2015},
  OPTkey = 	 {},
  OPTtype = 	 {},
  OPTnumber = 	 {},
  OPTaddress = 	 {},
  OPTmonth = 	 {},
  OPTnote = 	 {},
  OPTannote = 	 {},
  url ={https://github.com/cyberaide/paper-tas-2/blob/master/vonLaszewski-tas-cluster.pdf}  
}

@InProceedings{las15cluster,
  author = 	 {von Laszewski, Gregor and Fugang Wang and Geoffrey C. Fox and David L. Hart and Thomas R. Furlani and Robert L. DeLeon and Steven M. Gallo},
  title = 	 {{Peer comparison of XSEDE and NCAR publication data}},
  OPTcrossref =  {},
  OPTkey = 	 {},
  booktitle = {Proc. of IEEE Custer Computing},
  OPTyear = 	 2015,
  OPTeditor = 	 {},
  OPTvolume = 	 {},
  OPTnumber = 	 {},
  OPTseries = 	 {},
  OPTpages = 	 {},
  OPTmonth = 	 sep,
  OPTaddress = 	 {Chicago IL},
  organization = {Indiana University},
  OPTpublisher = {IEEE},
  note = 	 {Poster, Technical Report},
  OPTannote = 	 {},
  url ={https://github.com/cyberaide/paper-tas-2/blob/master/vonLaszewski-tas-cluster.pdf}  
}

@InProceedings{las15xsede,
  author = 	 {von Laszewski, Gregor and Fugang Wang and Geoffrey C. Fox and David L. Hart and Thomas R. Furlani and Robert L. DeLeon and Steven M. Gallo},
  title = 	 {{Peer comparison of XSEDE publication data}},
  OPTcrossref =  {},
  OPTkey = 	 {},
  booktitle = {XSEDE2015},
  OPTyear = 	 2015,
  OPTeditor = 	 {},
  OPTvolume = 	 {},
  OPTnumber = 	 {},
  OPTseries = 	 {},
  OPTpages = 	 {},
  OPTmonth = 	 jul,
  OPTaddress = 	 {St. Louis},
  organization = {Indiana University},
  OPTpublisher = {IEEE},
  note = 	 {Poster, Technical Report},
  OPTannote = 	 {},
  url ={https://github.com/cyberaide/paper-tas-2/blob/master/vonLaszewski-tas-xsede.pdf},
}

@InProceedings{las14Impact,
  Title                    = {{Towards a Scientific Impact Measuring Framework for Large Computing Facilities - a Case Study on XSEDE}},
  Author                   = {Wang, Fugang and von Laszewski, Gregor and Fox, Geoffrey C. and Furlani, Thomas R. and DeLeon, Robert L. and Gallo, Steven M.},
  Booktitle                = {Proceedings of the 2014 Annual Conference on Extreme Science and Engineering Discovery Environment},
  Year                     = {2014},

  Address                  = {New York, NY, USA},
  Pages                    = {25:1--25:8},
  Publisher                = {ACM},
  Series                   = {XSEDE '14},

  Acmid                    = {2616507},
  Articleno                = {25},
  Doi                      = {10.1145/2616498.2616507},
  File                     = {vonLaszewski-tas.pdf:https\://github.com/cyberaide/paper-tas/raw/master/vonLaszewski-tas.pdf:PDF},
  ISBN                     = {978-1-4503-2893-7},
  Keywords                 = {Scientific impact, Technology Audit Service, XDMoD, XSEDE, bibliometric, h-index},
  Location                 = {Atlanta, GA, USA},
  Numpages                 = {8},
  Url                      = {http://doi.acm.org/10.1145/2616498.2616507}
}
